@online{ katama2019,
    author = {Fatima Katama},
    title = {Cómo Japón está revolucionando la agricultura sin tierra ni trabajadores},
    date = {2019-09-23},
    url = {https://www.bbc.com/mundo/noticias-49784511},
    }

@online{belen2019,
    author = {Ma Belén Acosta},
    title = {Plantas hídroponicas: tipos, lista de ejempos y cómo cultivarlas},
    date = {2019-08-02},
    url = {https://www.ecologiaverde.com/plantas-hidroponicas-tipos-lista-de-ejemplos-y-como-cultivarlas-2159.html},
    }

@online{twenergy2019,
    author = {Twenergy},
    title = {¿Qué es un huerto hidropónico?},
    date = {2019-11-28},
    url = {https://twenergy.com/ecologia-y-reciclaje/curiosidades/que-es-huerto-hidroponico/},
    }

@online{nievesperez2017,
    author = {NievesPerez},
    title = { Ventajas y desventajas del cultivo hidropónico frente al cultivo tradicional},
    url = {https://comunidad.leroymerlin.es/t5/Blog-de-la-Comunidad/Ventajas-y-desventajas-del-cultivo-hidrop%C3%B3nico-frente-al-cultivo/ba-p/194391},
    year = {2017}
    }

@online{ricopia2018,
    author = {Ricopia},
    title = {La importancia de automatizar procesos en una empresa},
    date = {2018-03-09},
    url = {https://www.ricopia.com/la-importancia-automatizar-procesos-una-empresa/},
    year = {2018}
    }

@online{cabazas2020,
    author = {Rene Cabezas},
    title = {Frecuencias de riego en sistema NFT y MIXTO en hidroponia},
    date = {2020-03-23},
    url = {https://www.youtube.com/watch?v=UE97xcRkcME&feature=youtu.be},
    }

@online{usatoday2019,
    author = {USA Today Live},
    title = {Next Gen Farming Without Soil and 90\% Less Water},
    date = {2019-09-21},
    url = {https://www.youtube.com/watch?v=3Ww2TP_tU7o&feature=youtu.be},
    }

@online{culthidrop2020,
    author = {CultivoHidropónico.info},
    title = {Perfeccionando el pH de su Solución de Nutrientes Hidropónicos},
    date = {2020-04-11},
    url = {https://cultivohidroponico.info/perfeccionando-el-ph-de-su-solucion-de-nutrientes-hidroponicos/},
    }

@article{doi:10.1002/fes3.83,
    author = {Touliatos, Dionysios and Dodd, Ian C. and McAinsh, Martin},
    title = {Vertical farming increases lettuce yield per unit area compared to conventional horizontal hydroponics},
    journal = {Food and Energy Security},
    volume = {5},
    number = {3},
    pages = {184-191},
    keywords = {Land use efficiency, plant factory, urban agriculture, vertical column grower.},
    doi = {10.1002/fes3.83},
    url = {https://onlinelibrary.wiley.com/doi/abs/10.1002/fes3.83},
    eprint = {https://onlinelibrary.wiley.com/doi/pdf/10.1002/fes3.83},
    year = {2016}
}
